VOL1EXCH01                               888888                                 
HDR1 A888888S         00000 00000 00000         003340100     B                 
UHL1 00334000090    000000001 DAILY  053                                        
9090902323232300155555577777777000000000106416TEST INSTALL      SRC000297/53      A B APPLICATIONS L
3737374646464601755555577777777000000000735068TEST INSTALL      SRC000298/53      ACE ELECTRICAL SUP
6565657878787801855555577777777000000000020680TEST INSTALL      SRC000299/53      A F ELECTRICAL LIM
8181815252525201955555577777777000000000017328TEST INSTALL      SRC000300/53      ASTRA COMMUNICATIO
5555557777777709955555577777777000000000879492EFT 53            CONTRA            TEST INSTALL      
UTL10000000879492000000087949200000040000001                                    
