VOL1EXCH00                               888888                                .
HDR1 A888888S                                   00334                          .
UHL1 00334          000000001 DAILY  056                                       .
0123450123456709955555577777777000000000023488TEST INSTALL      PPY000160/56      ACE ELECTRICAL IMP
2034657383283209955555577777777000000000020394TEST INSTALL      EXCH PAY          THE ADVERTISING AG
2626261818181809955555577777777000000000199441TEST INSTALL      PPY000162/56      PAUL BARKS        
6363635454545409955555577777777000000003184250TEST INSTALL      PPY000163/56      BRISTOL STREET SAA
5555557777777701755555577777777000000003427573EFT 56            CONTRA            TEST INSTALL      
UTL10000003427573000000342757300000010000004                                   .
