VOL1001209                               444123                                .
HDR1 A444123S                                   00344                          .
UHL1 00344          000000001 DAILY  057                                       .
4047871023456709993939311111111000000000205625TEST INSTALL      PPY000164/57      ACE ELECTRICAL IMP
4047877383283209993939311111111000000000079195TEST INSTALL      PPY000165/57      THE ADVERTISING AG
4047871818181809993939311111111000000000176250TEST INSTALL      PPY000166/57      PAUL BARKS        
4047875454545409993939311111111000000000041125TEST INSTALL      001234567899012   BRISTOL STREET SAA
4047877171717109993939311111111000000000374930TEST INSTALL      PPY000168/57      CARPET BARN LIMITE
4047871076543209993939311111111000000000053620TEST INSTALL      PPY000169/57      COOL AIR COMPANY L
4047879898456709993939311111111000000000094041TEST INSTALL      PPY000170/57      COOPERS BMW       
4047877474747409993939311111111000000000755729TEST INSTALL      PPY000171/57      CORNHILL INSURANCE
4047872121212109993939311111111000000000008742TEST INSTALL      PPY000172/57      DEVLIN S HEATING &
4047873333333309993939311111111000000000014505TEST INSTALL      PPY000173/57      ELECTRICAL WHOLESA
4047878181818109993939311111111000000000011750TEST INSTALL      PPY000174/57      EXENET PLC        
2920678382292909993939311111111000000000040935TEST INSTALL      PPY000175/57      FARNELL LIMITED   
9393931111111101793939311111111000000001856447EFT 57            CONTRA            TEST INSTALL      
UTL10000001856447000000185644700000010000012                                   .
