<?xml version="1.0" encoding="iso-8859-1"?><Document xmlns="urn:iso:std:iso:20022:tech:xsd:pain.001.002.03" xmlns:xsi="http://www.w3.org/2001/XMLSchema-instance" xsi:schemaLocation="urn:iso:std:iso:20022:tech:xsd:pain.001.002.03 pain.001.002.03.xsd"><CstmrCdtTrfInitn><GrpHdr><MsgId>1000060310</MsgId><CreDtTm>2013-02-27T13:10:51</CreDtTm><NbOfTxs>1</NbOfTxs><CtrlSum>11744.35</CtrlSum><InitgPty><Nm>Henry Schein Services GmbH</Nm></InitgPty></GrpHdr><PmtInf><PmtInfId>1000060310</PmtInfId><PmtMtd>TRF</PmtMtd><NbOfTxs>1</NbOfTxs><CtrlSum>11744.35</CtrlSum><PmtTpInf><SvcLvl><Cd>SEPA</Cd></SvcLvl></PmtTpInf><ReqdExctnDt>2013-02-27</ReqdExctnDt><Dbtr><Nm>Henry Schein ServicesGmbH</Nm><PstlAdr><Ctry>DE</Ctry><AdrLine>Langen</AdrLine></PstlAdr></Dbtr><DbtrAcct><Id><IBAN>DE48200300000001535350</IBAN></Id><Ccy>EUR</Ccy></DbtrAcct><DbtrAgt><FinInstnId><BIC>HYVEDEMM300</BIC></FinInstnId></DbtrAgt><ChrgBr>SLEV</ChrgBr><CdtTrfTxInf><PmtId><InstrId>01-1100F1100000012013</InstrId><EndToEndId>NOTPROVIDED</EndToEndId></PmtId><Amt><InstdAmt Ccy="EUR">11744.35</InstdAmt></Amt><CdtrAgt><FinInstnId><BIC>KREDBEBB</BIC></FinInstnId></CdtrAgt><Cdtr><Nm>Alphadent NV</Nm><PstlAdr><Ctry>BE</Ctry><AdrLine>Textielstraat 24</AdrLine><AdrLine>8790 Waregem Belgien</AdrLine></PstlAdr></Cdtr><CdtrAcct><Id><IBAN>BE33409050993146</IBAN></Id></CdtrAcct><RmtInf><Ustrd>Avis F110000001 vom 27.2.2013</Ustrd></RmtInf></CdtTrfTxInf></PmtInf></CstmrCdtTrfInitn></Document>