VOL1115345                               952502                                 
HDR1 A952502S         00000 00000 00000F       1301140100     B                 
UHL1 13014000088    010000001 DAILY  500                                        
7744886636362509988557723456325000000000034533The Head Company Lwages             McTiernan Ian     
7485967445588909988557723456325000000000061996The Head Company Lwages             Tuite Amy         
9988556985741209988557723456325000000000033524The Head Company Lwages             McWilliams Kate   
4512366352478509988557723456325000000000024774The Head Company Lwages             Grimes Zoe        
9852415274153209988557723456325000000000092461The Head Company Lwages             Knight Eva        
4587123652147709988557723456325000000000067498The Head Company Lwages             Molloy Martina    
7489634567891209988557723456325000000000004769The Head Company Lwages             Kelly Frank       
6633558529634109988557723456325000000000051715The Head Company Lwages             Jones Samantha    
9977445469821409988557723456325000000000036515The Head Company Lwages             Hall James        
9944771155774409988557723456325000000000054271The Head Company Lwages             Casey Sam         
9911225533887709988557723456325000000000112608The Head Company Lwages             Brown Patrick     
7845111122334809988557723456325000000000040839The Head Company Lwages             Shaw David        
8855772345632501788557723456325000000000615503wages             CONTRA            The Head Company L
UTL10000000615503000000061550300000010000012                                    
